% Encoding: UTF-8

@article{Zaharia:2016:ASU:3013530.2934664,
 author = {Zaharia, Matei and Xin, Reynold S. and Wendell, Patrick and Das, Tathagata and Armbrust, Michael and Dave, Ankur and Meng, Xiangrui and Rosen, Josh and Venkataraman, Shivaram and Franklin, Michael J. and Ghodsi, Ali and Gonzalez, Joseph and Shenker, Scott and Stoica, Ion},
 title = {Apache Spark: A Unified Engine for Big Data Processing},
 journal = {Commun. ACM},
 issue_date = {November 2016},
 volume = {59},
 number = {11},
 month = oct,
 year = {2016},
 issn = {0001-0782},
 pages = {56--65},
 numpages = {10},
 url = {http://doi.acm.org/10.1145/2934664},
 doi = {10.1145/2934664},
 acmid = {2934664},
 publisher = {ACM},
 address = {New York, NY, USA},
} 

@article{SHYAMR2015171,
title = "Apache Spark a Big Data Analytics Platform for Smart Grid",
journal = "Procedia Technology",
volume = "21",
number = "Supplement C",
pages = "171 - 178",
year = "2015",
note = "SMART GRID TECHNOLOGIES",
issn = "2212-0173",
doi = "https://doi.org/10.1016/j.protcy.2015.10.085",
url = "http://www.sciencedirect.com/science/article/pii/S2212017315003138",
author = " Shyam R. and Bharathi Ganesh H.B. and Sachin Kumar S. and Prabaharan Poornachandran and  Soman K.P.",
keywords = "Smart Grid, Data Analytics, Big Data, Apache Spark ;"
}

@article{Armbrust:2015:SSR:2824032.2824080,
 author = {Armbrust, Michael and Das, Tathagata and Davidson, Aaron and Ghodsi, Ali and Or, Andrew and Rosen, Josh and Stoica, Ion and Wendell, Patrick and Xin, Reynold and Zaharia, Matei},
 title = {Scaling Spark in the Real World: Performance and Usability},
 journal = {Proc. VLDB Endow.},
 issue_date = {August 2015},
 volume = {8},
 number = {12},
 month = aug,
 year = {2015},
 issn = {2150-8097},
 pages = {1840--1843},
 numpages = {4},
 url = {http://dx.doi.org/10.14778/2824032.2824080},
 doi = {10.14778/2824032.2824080},
 acmid = {2824080},
 publisher = {VLDB Endowment},
} 


@inproceedings{Armbrust:2015:SSR:2723372.2742797,
 author = {Armbrust, Michael and Xin, Reynold S. and Lian, Cheng and Huai, Yin and Liu, Davies and Bradley, Joseph K. and Meng, Xiangrui and Kaftan, Tomer and Franklin, Michael J. and Ghodsi, Ali and Zaharia, Matei},
 title = {Spark SQL: Relational Data Processing in Spark},
 booktitle = {Proceedings of the 2015 ACM SIGMOD International Conference on Management of Data},
 series = {SIGMOD '15},
 year = {2015},
 isbn = {978-1-4503-2758-9},
 location = {Melbourne, Victoria, Australia},
 pages = {1383--1394},
 numpages = {12},
 url = {http://doi.acm.org/10.1145/2723372.2742797},
 doi = {10.1145/2723372.2742797},
 acmid = {2742797},
 publisher = {ACM},
 address = {New York, NY, USA},
 keywords = {data warehouse, databases, hadoop, machine learning, spark},
} 
